%% This BibTeX bibliography file was created using BibDesk.
%% http://bibdesk.sourceforge.net/


%% Created for Yimeng Jia at 2017-05-01 13:58:33 -0400 


%% Saved with string encoding Unicode (UTF-8) 



@book{pearl1988probabilistic,
	Author = {Pearl, Judea},
	Publisher = {Morgan Kaufmann},
	Title = {Probabilistic reasoning in intelligent systems: networks of plausible inference},
	Year = {1988}}

@article{dong2012graph,
	Author = {Dong, Wen and Pentland, Alex and Heller, Katherine A},
	Journal = {arXiv preprint arXiv:1210.4864},
	Title = {Graph-coupled HMMs for modeling the spread of infection},
	Year = {2012}}

@article{fan2015bayesian,
	Author = {Fan, Kai and Aiello, Allison E and Heller, Katherine A},
	Journal = {arXiv preprint arXiv:1509.00110},
	Title = {Bayesian models for heterogeneous personalized health data},
	Year = {2015}}
